@article{esperet.joret.ea:sparse,
  author    = {Louis Esperet and
               Gwena{\"{e}}l Joret and
               Pat Morin},
  title     = {Sparse universal graphs for planarity},
  journal   = {CoRR},
  volume    = {abs/2010.05779},
  year      = {2020},
  url       = {https://arxiv.org/abs/2010.05779},
  archivePrefix = {arXiv},
  eprint    = {2010.05779},
  timestamp = {Wed, 21 Oct 2020 19:37:56 +0200},
  biburl    = {https://dblp.org/rec/journals/corr/abs-2010-05779.bib},
  bibsource = {dblp computer science bibliography, https://dblp.org}
}

@article{dujmovic.esperet.ea:adjacency,
  author    = {Vida Dujmovic and
               Louis Esperet and
               Gwena{\"{e}}l Joret and
               Cyril Gavoille and
               Piotr Micek and
               Pat Morin},
  title     = {Adjacency Labelling for Planar Graphs (and Beyond)},
  journal   = {CoRR},
  volume    = {abs/2003.04280},
  year      = {2020},
  url       = {https://arxiv.org/abs/2003.04280},
  archivePrefix = {arXiv},
  eprint    = {2003.04280},
  timestamp = {Tue, 10 Mar 2020 13:33:48 +0100},
  biburl    = {https://dblp.org/rec/journals/corr/abs-2003-04280.bib},
  bibsource = {dblp computer science bibliography, https://dblp.org}
}
